@inproceedings{mininet.conext,
  author = {Handigol, Nikhil and Heller, Brandon and Jeyakumar, Vimalkumar and Lantz, Bob and McKeown, Nick},
  booktitle = {CoNEXT},
  ee = {http://doi.acm.org/10.1145/2413176.2413206},
  publisher = {ACM},
  title = {Reproducible network experiments using container-based emulation.},
  year = 2012
}

@Misc{mininet,
  OPTkey = 	 {},
  author =	 "{Mininet Team}",
  title =	 "{Mininet - An Instant Virtual Network on your Laptop (or other PC)}",
  howpublished = {\url{http://mininet.org}},
  OPTmonth = 	 {},
  OPTyear = 	 {},
  OPTnote = 	 {},
  OPTannote = 	 {}
}




@Misc{mininet.download,
  OPTkey = 	 {},
  author =	 "{Mininet Team}",
  title =	 "{Download/Get Started With Mininet}",
  howpublished = {\url{http://mininet.org/download}},
  OPTmonth = 	 {},
  OPTyear = 	 {},
  OPTnote = 	 {},
  OPTannote = 	 {}
}

@Misc{mininet.walkthrough,
  OPTkey = 	 {},
  author =	 "{Mininet Team}",
  title =	 "{Mininet Walkthrough}",
  howpublished = {\url{http://mininet.org/walkthrough/}},
  OPTmonth = 	 {},
  OPTyear = 	 {},
  OPTnote = 	 {},
  OPTannote = 	 {}
}

@Misc{openflow.wp,
  OPTkey = 	 {},
  author =	 {Nick McKeown and Tom Anderson and Hari Balakrishnan and Guru Parulkar and Larry Peterson and Jennifer Rexford and Scott Shenker and Jonathan Turner},
  title =	 "{OpenFlow: Enabling Innovation in Campus Networks}",
  howpublished = {\url{http://www.openflow.org/documents/openflow-wp-latest.pdf}},
  OPTmonth = 	 {},
  OPTyear = 	 {},
  OPTnote = 	 {},
  OPTannote = 	 {}
}


@Misc{openflow.specs,
  OPTkey = 	 {},
  author =	 "{Open Networking Foundation}",
  title =	 "{OpenFlow Switch Specifications}",
  howpublished = {\url{https://www.opennetworking.org/sdn-resources/onf-specifications/openflow}},
  OPTmonth = 	 {},
  OPTyear = 	 {},
  OPTnote = 	 {},
  OPTannote = 	 {}
}


@Misc{openflow.tutorial,
  OPTkey = 	 {},
  OPTauthor = 	 {},
  title =	 "{OpenFlow Tutorial}",
  howpublished = {\url{http://www.openflow.org/wk/index.php/OpenFlow_Tutorial}},
  OPTmonth = 	 {},
  OPTyear = 	 {},
  OPTnote = 	 {},
  OPTannote = 	 {}
}

@inproceedings{random.host.mutation,
 author = {Jafarian, Jafar Haadi and Al-Shaer, Ehab and Duan, Qi},
 title = {Openflow random host mutation: transparent moving target defense using software defined networking},
 booktitle = {Proceedings of the first workshop on Hot topics in software defined networks},
 series = {HotSDN '12},
 year = {2012},
 isbn = {978-1-4503-1477-0},
 location = {Helsinki, Finland},
 pages = {127--132},
 numpages = {6},
 url = {http://doi.acm.org/10.1145/2342441.2342467},
 doi = {10.1145/2342441.2342467},
 acmid = {2342467},
 publisher = {ACM},
 address = {New York, NY, USA},
 keywords = {ip mutation, moving target defense, security, software-defined networking},
} 

